<record><leader>00000cas a22000007a 4500</leader><controlfield tag="001">20615082</controlfield><controlfield tag="008">891108d19611968mouwr ne      0    0eng d</controlfield><datafield ind1=" " ind2=" " tag="010"><subfield code="a">sn 89067345 </subfield></datafield><datafield ind1=" " ind2=" " tag="040"><subfield code="a">MQN</subfield><subfield code="b">eng</subfield><subfield code="c">MQN</subfield><subfield code="d">OCLCQ</subfield></datafield><datafield ind1=" " ind2=" " tag="042"><subfield code="a">msc</subfield></datafield><datafield ind1="0" ind2="4" tag="245"><subfield code="a">The Polo progress.</subfield></datafield><datafield ind1=" " ind2=" " tag="260"><subfield code="a">Polo, Caldwell County, Mo. :</subfield><subfield code="b">John Henry Gilgour,</subfield><subfield code="c">-1968.</subfield></datafield><datafield ind1=" " ind2=" " tag="300"><subfield code="a">v.</subfield></datafield><datafield ind1=" " ind2=" " tag="310"><subfield code="a">Weekly</subfield></datafield><datafield ind1="1" ind2=" " tag="362"><subfield code="a">Began in 1961?</subfield></datafield><datafield ind1="0" ind2=" " tag="362"><subfield code="a">-v. 7, no. 35 (June 28, 1968).</subfield></datafield><datafield ind1=" " ind2=" " tag="588"><subfield code="a">Description based on: Vol. 2, no. 5 (Dec. 7, 1962).</subfield></datafield><datafield ind1=" " ind2=" " tag="752"><subfield code="a">United States</subfield><subfield code="b">Missouri</subfield><subfield code="c">Caldwell</subfield><subfield code="d">Polo.</subfield></datafield><datafield ind1="0" ind2="4" tag="785"><subfield code="t">Hamilton advocate-Hamiltonian</subfield><subfield code="w">(DLC)sn 89066103</subfield></datafield></record>